@misc{alliance-for-water-stewardship-2019,
        author = {Alliance~for~Water~Stewardship [AWS]},
	month = {3},
	title = {{Estándar Internacional para la Gestión Sostenible del agua}},
	year = {2019},
	url = {https://a4ws.org/wp-content/uploads/2020/05/AWS-Standard-V2.0-en-Espanol.pdf},
}
@misc{disclosure-insight-action-2023,
	author = {Disclosure~Insight~Action [CDP]},
	title = {{CDP Water Security 2023 Questionnaire}},
	year = {2023},
	url = {https://guidance.cdp.net/en/guidance?cid=48&ctype=theme&idtype=ThemeID&incchild=1&microsite=0&otype=Questionnaire&tags=TAG-646%2CTAG-607%2CTAG-599},
}
@misc{climate-disclosure-standards-board-2022,
	author = {Climate~Disclosure~Standards~Board [CDSB]},
	month = {1},
	title = {{CDSB Framework for reporting environmental \& social information}},
	year = {2022},
	url = {https://www.cdsb.net/sites/default/files/cdsb_framework_2022.pdf},
}
@misc{pacific-institute-2014,
	author = {Pacific~Institute and Driving~Sustainable~Economies [CDP] and World~Resources~Institute and PWC},
	month = {9},
	title = {{Corporate Water Disclosure Guidelines Toward a Common Approach to Reporting Water Issues}},
	year = {2014},
	url = {https://ceowatermandate.org/files/Disclosure2014.pdf},
}
@misc{ceres-2023A,
	author = {Ceres},
	title = {{Valuing Water Finance Initiative · Benchmark Methodology · 2023}},
	year = {2023},
	url = {https://assets.ceres.org/sites/default/files/VWFI%20Benchmark%20Methodology%20&%20Scoring%202023.pdf},
}
@misc{ceres-2023B,
	author = {Ceres},
	month = {10},
	title = {{Valuing Water Finance Initiative Benchmark}},
	year = {2023},
	url = {https://assets.ceres.org/sites/default/files/Valuing%20Water%20Finance%20Initiative%20Benchmark%20-%20Key%20Findings.pdf},
}
@techreport{gri-2019,
	author = {GRI},
	month = {3},
	number = {GRI 303},
	publisher = {GRI Standards},
	title = {{GRI 303: Agua y efluentes 2018}},
	year = {2019},
	url = {https://www.globalreporting.org/how-to-use-the-gri-standards/gri-standards-spanish-translations/},
}
@techreport{sasb-standards-2023,
	author = {SASB~Standards},
	month = {12},
	title = {{Coal Operations}},
	year = {2023},
	url = {https://sasb.ifrs.org/standards/download/},
}
@misc{taskforce-on-nature-related-financial-disclosures-2023,
	author = {Taskforce~on~Nature-related~Financial~Disclosures},
	month = {10},
	title = {{Guidance on the identification and assessment of nature related issues: The LEAP approach}},
	year = {2023},
	url = {https://tnfd.global/wp-content/uploads/2023/08/Guidance_on_the_identification_and_assessment_of_nature-related_Issues_The_TNFD_LEAP_approach_V1.1_October2023.pdf?v=1698403116},
}
@misc{world-wildlife-fund-2021,
	author = {World~Wildlife~Fund [WWF]},
	title = {{Global Basin Risk Indicators - Descriptions, Sources and Links}},
	year = {2021},
	url = {https://cdn.kettufy.io/prod-fra-1.kettufy.io/documents/riskfilter.org/WRF_Source_Descriptions_Links_Global.pdf},
}
@misc{world-wildlife-fund-2022,
	author = {World~Wildlife~Fund [WWF]},
	title = {{WWF Water Risk Filter}},
	year = {2022},
	url = {https://cdn.kettufy.io/prod-fra-1.kettufy.io/documents/riskfilter.org/WWF_WaterFilter_Summary_101_guide.pdf},
}
@misc{world-wildlife-fund-2023,
	author = {World~Wildlife~Fund [WWF]},
	month = {1},
	title = {{WWF Water Risk Filter}},
	year = {2023},
	url = {https://cdn.kettufy.io/prod-fra-1.kettufy.io/documents/riskfilter.org/WaterRiskFilter_Methodology.pdf},
}
@misc{world-wildlife-fund-2020,
	author = {World~Wildlife~Fund [WWF]},
	month = {10},
	title = {{Water Risk Scenarios}},
	year = {2020},
	url = {https://wwfeu.awsassets.panda.org/downloads/wwf_wrf_brief_scenarios_hr.pdf},
}
@techreport{world-business-council-for-sustainable-development-2011,
	author = {World~Business~Council~for~Sustainable~Development},
	month = {8},
	number = {WBCSD0179},
	title = {{Guide to Corporate Ecosystem Valuation}},
	year = {2011},
	url = {https://www.wbcsd.org/Archive/Assess-and-Manage-Performance/Resources/Guide-to-Corporate-Ecosystem-Valuation},
}
@techreport{world-resources-institute-2008,
	author = {World~Resources~Institute and World~Business~Council~for~Sustainable~Development [WBCSD] and Meridian~Institute},
	month = {3},
	number = {ISBN 978-1-56973-679-1},
	title = {{Pautas para Identificar Riesgos y Oportunidades de negocio que Surgen a Partir del Cambio en el Ecosistema}},
	year = {2008},
}
@article{bahurmoz-2006,
	author = {Bahurmoz, A.M.A.},
	journal = {JKAU: Econ. \& Adm},
	number = {1},
	pages = {3--16},
	title = {{The Analytic Hierarchy Process: A Methodology for Win-Win Management}},
	volume = {20},
	year = {2006},
}
@misc{its-now-for-nature-2023,
	author = {It's~Now~for~Nature},
	month = {11},
	title = {{Manual de Estrategias para la Naturaleza}},
	year = {2023},
	url = {https://nowfornature.org/wp-content/uploads/2023/11/Its-Now-for-Nature-Handbook-ES.pdf},
}
@misc{capitals-coalition-2021,
	author = {Capitals~Coalition},
	month = {1},
	title = {{Natural Capital Protocol}},
	year = {2021},
	url = {https://capitalscoalition.org/wp-content/uploads/2021/01/NCC_Protocol.pdf},
}
@techreport{iso-2015,
	author = {ISO},
	number = {ISO 14001:2015},
	title = {{Sistemas de Gestión Ambiental – Requisitos con orientación para su uso}},
	year = {2015},
}
@techreport{iso-2004,
	author = {ISO},
	number = {ISO 14004:2004},
	title = {{Sistemas de gestión ambiental – Directrices generales sobre principios, sistemas y técnicas de apoyo}},
	year = {2004},
}
@techreport{gri-2022,
	author = {GRI},
	month = {8},
	number = {GRI 2},
	publisher = {GRI Standards},
	title = {{GRI 2: Contenidos Generales 2021}},
	year = {2022},
	url = {https://www.globalreporting.org/how-to-use-the-gri-standards/gri-standards-spanish-translations/},
}
@techreport{iso-1999,
	author = {ISO},
	number = {ISO 14031:1999},
	title = {{Gestión ambiental - Evaluación del desempeño ambiental - Directrices}},
	year = {1999},
}
@misc{instituto-de-hidrologia-meteorologia-y-estudios-ambientales-no-date,
	author = {Instituto~de~Hidrología~Meteorología~y~Estudios~Ambientales},
	title = {{AGUA}},
	url = {http://www.ideam.gov.co/web/ecosistemas/agua},
}
@book{ministerio-de-ambiente-y-desarrollo-sostenible-2012,
	author = {Ministerio~de~Ambiente~y~Desarrollo~Sostenible and Instituto~Humboldt},
	title = {{Política Nacional para la Gestión Integral de la Biodiversidad y sus Servicios Ecosistémicos (PNGIBSE)}},
	year = {2012},
}
@misc{world-health-organization-2017,
	author = {World~Health~Organization AND Joint~Monitoring~Programme AND UNICEF},
	title = {{WASH in the 2030 Agenda}},
	year = {2017},
	url = {https://washdata.org/report/jmp-2017-wash-2030-agenda},
}
@misc{ceres-no-date,
	author = {Ceres},
	title = {{About Us}},
	url = {https://www.ceres.org/about},
}
@techreport{european-environment-agency-2003,
	author = {European~Environment~Agency},
	number = {92},
	title = {{An inventory of biodiversity indicators in Europe, 2002}},
	year = {2003},
	url = {https://www.eea.europa.eu/publications/technical_report_2004_92/download},
}
@techreport{poppelbu-2011,
	author = {Pöppelbuß, Jens and Röglinger, Maximilian},
	number = {28},
	title = {{WHAT MAKES A USEFUL MATURITY MODEL? A FRAMEWORK OF GENERAL DESIGN PRINCIPLES FOR MATURITY MODELS AND ITS DEMONSTRATION IN BUSINESS PROCESS MANAGEMENT}},
	year = {2011},
	url = {https://aisel.aisnet.org/ecis2011/28/},
}
@misc{ministerio-de-hacienda-2023,
	author = {{Ministerio~de~Hacienda}},
	title = {{¿Qué es la Taxonomía Verde de Colombia? Taxonomía Verde}},
	year = {2023},
	url = {https://www.taxonomiaverde.gov.co/webcenter/portal/TaxonomaVerde},
}
@online{science-based-targets-no-date,
	author = {{Science~Based~Targets}},
	title = {WHAT ARE SCIENCE-BASED TARGETS?},
	url = {https://sciencebasedtargets.org/how-it-works},
}
@misc{how-to-build-a-benchmark,
author = {Kistowski, J\'{o}akim and Arnold, Jeremy and Huppler, Karl and Lange, Klaus-Dieter and Henning, John and Cao, Paul},
title = {How to Build a Benchmark},
year = {2015},
isbn = {9781450332484},
publisher = {Association for Computing Machinery},
url = {https://doi.org/10.1145/2668930.2688819},
doi = {10.1145/2668930.2688819},
booktitle = {Proceedings of the 6th ACM/SPEC International Conference on Performance Engineering},
pages = {333–336},
}